@inproceedings{8-fallacies,
  added-at = {2020-05-18T00:00:00.000+0200},
  author = {Bigo, Sébastien},
  booktitle = {OFC},
  crossref = {conf/ofc/2020},
  ee = {https://ieeexplore.ieee.org/document/9083638},
  isbn = {978-1-9435-8071-2},
  keywords = {dblp},
  pages = {1-3},
  publisher = {IEEE},
  title = {Overturning the Eight Fallacies of Distributed Computing with the Octopus Edge Network.},
  url = {http://dblp.uni-trier.de/db/conf/ofc/ofc2020.html#Bigo30},
  year = 2020
}

@article{noisy-neighbors,
  author={Nikounia, Seyed Hossein and Mohammadi, Siamak},
  journal={IEEE Transactions on Services Computing}, 
  title={Hypervisor and Neighbors’ Noise: Performance Degradation in Virtualized Environments}, 
  year={2018},
  volume={11},
  number={5},
  pages={757-767},
  keywords={Benchmark testing;Virtual machine monitors;Program
            processors;Servers;Runtime;Degradation;Virtualization;IaaS
            cloud;virtualization;consolidation ratio;performance degradation;hypervisor
            noise;neighbors noise},
  doi={10.1109/TSC.2015.2464811}}


@article{tuplex,
    author = "Leonhard F. Spiegelberg and Rahul Yesantharao and Malte Schwarzkopf and Tim Kraska",
    title = "Tuplex: Data Science in Python at Native Code Speed",
    year = "2021",
    month = "June",
    journal = "Proceedings of SIGMOD 2021",
    howpublished = {\url{https://doi.org/10.1145/3448016.3457244}}}
    
@misc{scrape,
    author = "ScrapeHero",
    year = "2017",
    month = "October",
    title = "How to Scrape Real Estate Listings from Zillow.com using Python and LXML",
    howpublished = {\url{https://www.scrapehero.com/how-to-scrape-real-estate-listings-on-zillow-com-using-python-and-lxml/}}}
    
@article{environment,
    author = "Federica Lucivero",
    title = "Big Data, Big Waste? A Reflection on the Environmental Sustainability of Big Data Initiatives",
    year = "2020",
    month = "April",
    journal = "Sci Eng Ethics 26, 1009–1030",
    howpublished = {\url{https://doi.org/10.1007/s11948-019-00171-7}}}

@misc{sparkgithub,
    author = "Apache Software Foundation",
    year = "2022",
    month = "April",
    title = "Apache Spark",
    howpublished = {\url{https://github.com/apache/spark}}}
    
@misc{databricks,
    author = "Databricks",
    year = "2021",
    month = "January",
    title = "Handling bad records and files",
    howpublished = {\url{https://docs.databricks.com/spark/latest/spark-sql/handling-bad-records.html}}}
    
@article{datadriven1,
    author = "Brynjolfsson and Erik and Kristina McElheran",
    title = "The Rapid Adoption of Data-Driven Decision-Making",
    journal = "American Economic Review",
    volume = {106},
    number = {5},
    year = {2016},
    month = {May},
    pages = {133-39},
    howpublished = {\url{https://doi.org/10.1257/aer.p20161016}}}

@article{datadriven2,
    author = "Trent E. Kaufman and Charles R. Graham and Anthony G. Picciano and J. Aaron Popham and David Wiley",
    title = "Data-Driven Decision Making in the K-12 Classroom",
    journal = "Handbook of Research on Educational Communications and Technology",
    year = "2014",
    howpublished = {\url{https://doi.org/10.1007/978-1-4614-3185-5_27}}
}

@misc{meta,
    author = "Avery Ching and Sital Kedia and Shoujie Wang",
    title = "Apache Spark @Scale: A 60 TB+ production use case",
    year = "2016", 
    month = "August",
    howpublished = {\url{https://engineering.fb.com/2016/08/31/core-data/apache-spark-scale-a-60-tb-production-use-case/}}
    }
    
@article{dirtydata,
    author = "Santosh Kumar Singh and Dr. Rajiv Kumar Dwivedi",
    title = "Data Mining: Dirty Data and Data Cleaning
5",
    journal = "International conference on Recent Trends in Artificial Intelligence, IOT, Smart Cities \& Applications",
    year = "2020",
    month = "May",
    howpublished = {\url{https://dx.doi.org/10.2139/ssrn.3610772}}
}

@misc{kaggle,
    author = "Kaggle",
    title = "2021 Kaggle Machine Learning \& Data Science Survey",
    year = "2021",
    month = "December",
    howpublished = {\url{https://www.kaggle.com/competitions/kaggle-survey-2021/overview}}}
    
@article{pythonslow,
    author = "Mohamed Ismail and G. Edward Suh",
    title = "Quantitative Overhead Analysis for Python",
    journal = "IEEE International Symposium on Workload Characterization (IISWC)",
    year = "2018",
    pages={36-47},
    howpublished = {\url{https://ieeexplore.ieee.org/abstract/document/8573512}}}
    
@article{pythonslow2,
    author = "Qiang Zhang and Lei Xu and Xiangyu Zhang and Baowen Xu",
    journal = {Science of Computer Programming},
    volume = {215},
    pages = {102759},
    year = {2022},
    title = {Quantifying the interpretation overhead of Python},
    url = {https://www.sciencedirect.com/science/article/pii/S0167642321001520}}
    
@article{numba,
    author = "Siu Kwan Lam and Antoine Pitrou and Stanley Seibert",
    title = "Numba: a LLVM-based Python JIT compiler",
    year = "2015",
    month = "November",
    journal = "Proceedings of the Second Workshop on the LLVM Compiler Infrastructure in HPC",
    url = {https://dl.acm.org/doi/abs/10.1145/2833157.2833162}}
    
@article{cython,
    author = "Stefan Behnel and Robert Bradshaw and Craig Citro and Lisandro Dalcin and Dag Sverre Seljebotn and Kurt Smith",
    title = "Cython: The Best of Both Worlds",
    journal = "Computing in Science Engineering",
    year={2011},
    month="March",
  volume={13},
  number={2},
  pages={31-39},
  url = {https://ieeexplore.ieee.org/document/5582062}}
  
@misc{sparktype,
    author = "Databricks",
    title = "User-defined functions - Python",
    year = "2021",
    month = "March",
    howpublished = {\url{https://docs.databricks.com/spark/latest/spark-sql/udf-python.html}}}
    
@misc{geeks,
    author = "GeeksforGeeks",
    title = "What's a Data Science Pipeline?",
    year = "2020",
    month = "December",
    howpublished={\url{https://www.geeksforgeeks.org/whats-data-science-pipeline/}}}
    
@article{datavaluable,
    author = "Lakshmisri Surya",
    title = "An Exploratory Study of AI and Big Data, and It's Future in the United States",
    year = "2015",
    month = "February",
    journal = "International Journal of Creative Research Thoughts (IJCRT)",
    volume = "3",
    number = "2",
    pages = "991-995"}

@misc{vertica,
    author = "Vertica",
    year = "2022",
    month = "January",
    title = "Capturing Load Rejections and Exceptions",
    howpublished = {\url{https://www.vertica.com/docs/9.2.x/HTML/Content/Authoring/AdministratorsGuide/BulkLoadCOPY/CapturingLoadExceptionsAndRejections.htm}}}

@misc{postgresql,
    author = "PostgreSQL",
    title = "Error logging in COPY",
    year = "2015",
    month = "May",
    howpublished = {\url{https://wiki.postgresql.org/wiki/Error_logging_in_COPY}}}
    
@misc{databricks2,
    title = "CSV file",
    author = "Databricks",
    year = "2022",
    month = "February",
    howpublished = {\url{https://docs.databricks.com/data/data-sources/read-csv.html}}}
    
@misc{waitingforcode,
    author = "Bartosz Konieczny",
    title = "What's new in Apache Spark 3.1 - Project Zen",
    month = "April",
    year = "2021",
    howpublished = {\url{https://www.waitingforcode.com/pyspark/what-new-apache-spark-3.1-project-zen/read}}}
    
@misc{environ2,
    author = "Jean-Luc Aufranc",
    title = "Save the planet! Program in C, avoid Python, Perl",
    year = "2021",
    month = "November",
    howpublished = {\url{https://www.cnx-software.com/2021/11/18/save-the-planet-program-in-c-avoid-python-perl/}}}
